<?xml version="1.0" encoding="UTF-8"?><collection xmlns="http://www.loc.gov/MARC21/slim"><record><leader>00583nam--2200205-i-4500</leader><controlfield tag="001">000020554</controlfield><controlfield tag="002">20161230</controlfield><controlfield tag="005">20161230201033</controlfield><controlfield tag="008">060222s1000------------r-----000-0-eng-d</controlfield><datafield ind1=" " ind2=" " tag="020"><subfield code="a">3540558039</subfield></datafield><datafield ind1=" " ind2=" " tag="040"><subfield code="a">IFIN-HH</subfield></datafield><datafield ind1=" " ind2=" " tag="080"><subfield code="a">539.12.01</subfield></datafield><datafield ind1="1" ind2=" " tag="100"><subfield code="a">Yndurain, F.J</subfield></datafield><datafield ind1="1" ind2="0" tag="245"><subfield code="a">The theory of quark and gluon interactions</subfield><subfield code="c">F.j. yndurain (ed.)</subfield></datafield><datafield ind1=" " ind2=" " tag="250"><subfield code="a">Second Completely Revised And Enlarged Edition</subfield></datafield><datafield ind1=" " ind2=" " tag="260"><subfield code="a">Berlin</subfield><subfield code="b">Springer-verlag</subfield><subfield code="c">1983</subfield></datafield><datafield ind1=" " ind2=" " tag="300"><subfield code="a">319 P</subfield></datafield><datafield ind1=" " ind2=" " tag="490"><subfield code="a">Texts And Monographs In Physics</subfield></datafield><datafield ind1=" " ind2=" " tag="852"><subfield code="a">80400</subfield><subfield code="c">539.12</subfield></datafield><datafield ind1=" " ind2=" " tag="CAT"><subfield code="a">Sys</subfield><subfield code="c">20120202</subfield><subfield code="h">123939</subfield></datafield></record></collection>